@inproceedings{Gal2007,
  author    = {Gal, R. and Sorkine, O. and Popa, T. and Sheffer, A., and Cohen-Or, D.},
  title     = {3D collage: Expressive non-realistic modeling},
  booktitle = {In Proceedings of NPAR'2007},
  pages     = {7-14},
  year      = {2007},
}

@article{Hsu2010,
 author = {Hsu, Shu-Wei and Keyser, John},
 title = {Piles of objects},
 journal = {ACM Trans. Graph.},
 volume = {29},
 issue = {6},
 month = {December},
 year = {2010},
 pages = {155:1--155:6},
}


@article{Sloane1984,
  author    = {N.J.A. Sloane},
  title     = {The Packing Of Spheres},
  journal = {Scientific American},
  pages     = {116-125},
  volume    ={250},
  number    ={},
  month     ={January},
  year      = {1984},
}


@article{Hales1992,
  author    = {Thomas C. Hales},
  title     = {The Sphere Packing Problem},
  journal = {Journal of Computational and Applied Mathematics},
  pages     = { },
  volume    ={ },
  number    ={},
  month     ={ },
  year      = {1992},
}



@article{Kim2002,
 author = {Kim, Junhwan and Pellacini, Fabio},
 title = {Jigsaw image mosaics},
 journal = {ACM Trans. Graph.},
 volume = {21},
 issue = {3},
 month = {July},
 year = {2002},
 issn = {0730-0301},
 pages = {657--664},
 numpages = {8},
 url = {http://doi.acm.org/10.1145/566654.566633},
 doi = {http://doi.acm.org/10.1145/566654.566633},
 acmid = {566633},
 publisher = {ACM},
 address = {New York, NY, USA},
 keywords = {morphing, mosaics, optimization},
}
